@COMMENT{meta_data,
INDEX     = {META},
TYPE      = {Personal bibliography},
AUTHOR    = {Sandrine Dudoit},
AUTHOR_URL    = {http://www.stat.berkeley.edu/~sandrine},
TITLE = {Publications of Sandrine Dudoit},
HEADING = {Publications of <a href ="http:/www.stat.berkeley.edu/~sandrine/">Sandrine Dudoit</a>},
SOURCE = {},
}


@COMMENT{sandrine_subjects,
  INDEX = {SUBJECTS},
  Clustering_HEAD = {Cluster Analysis},
  HTS_HEAD = {High-Throughput Sequencing},
  Linkage_HEAD = {Linkage Analysis},
  LBECV_HEAD = {Loss-Based Estimation, Cross-Validation},
  Microarrays_HEAD = {Microarray Data Analysis},
  MiscBio_HEAD = {Miscellaneous Biology},
  MiscStat_HEAD = {Miscellaneous Statistical Methodology},
  Motif_HEAD = {Motif Finding},
  MultTest_HEAD = {Multiple Hypothesis Testing},
  Prediction_HEAD = {Prediction},
  Software_HEAD = {Software},
}

http://bibserver.berkeley.edu/cgi-bin/bibs7?source=http://www.stat.berkeley.edu/users/pitman/bibserver.bib

@string{AJHG = {American Journal of Human Genetics}}
@string{JASA= {Journal of the American Statistical Association}}
@string{JSPI = {Journal of Statistical Planning and Inference}}
@string{PNAS = {Proc. Natl. Acad. Sci.}}
@string{SAGMB = {Statistical Applications in Genetics and Molecular Biology}}

@Article{BarrieretalDCR05,
  SUBJECTS = {Microarrays},
  author = 	 {A. Barrier and P.-Y. Bo\"{e}lle and A. Lemoine and C. Tse and D. Brault and F. Chiappini and F. Lacaine and S. Houry and M. Huguier and A.  Flahault and S. Dudoit},
  title = 	 {Gene expression profiling of nonneoplastic mucosa may predict clinical outcome of colon cancer patients},
  journal = 	 {Diseases of the Colon and Rectum},
  year = 	 {2005},
  OPTkey = 	 {},
  volume = 	 {48},
  number = 	 {12},
  pages = 	 {2238--2248},
  OPTmonth = 	 {},
  OPTnote = 	 {},
  OPTannote = 	 {}, 
  pmid = {PMID: 16228831},
  url=           {http://www.springerlink.com/content/ulh9v468717634xx/?p=1e5dd77e880647fcaf319d462c88a479&pi=9}
}

@Article{BarrieretalFASEB05,
  SUBJECTS = {Microarrays},
  author = 	 {A. Barrier and N. Olaya and F. Chiappini and F. Roser and O. Scatton and C. Artus and B. Franc and S. Dudoit and A. Flahault and B. Debuire and D. Azoulay and A. Lemoine},
  title = 	 {Ischemic preconditioning modulates the expression of several genes, leading to the overproduction of {IL-1Ra}, {iNOS}, and {Bcl-2} in a human model of liver ischemia-reperfusion},
  journal = 	 {The FASEB Journal},
  year = 	 {2005},
  OPTkey = 	 {},
  volume = 	 {19},
  number = 	 {12},
  pages = 	 {1617--1626},
  OPTmonth = 	 {},
  OPTnote = 	 {},
  OPTannote = 	 {},
  pmid = {PMID: 16195370},
  url=           {http://www.fasebj.org/content/19/12/1617.abstract}
}

@Article{BarrieretalJCO06,
  SUBJECTS = {Microarrays},
  author = 	 {A. Barrier and P.-Y. Bo\"{e}lle and  F. Roser and J. Gregg and C. Tse and D. Brault and F. Lacaine and S. Houry and M. Huguier and B. Franc and A.  Flahault and A. Lemoine and S. Dudoit},
  title = 	 {Stage {II} colon cancer prognosis prediction by tumor gene expression profiling},
  journal = 	 {Journal of Clinical Oncology},
  year = 	 {2006},
  OPTkey = 	 {},
  volume = 	 {24},
  number = 	 {29},
  pages = 	 {4685--4691},
  OPTmonth = 	 {},
  OPTnote = 	 {},
  OPTannote = 	 {},
  pmid = {PMID: 16966692},
  url=           {http://jco.ascopubs.org/content/24/29/4685.abstract}
}

@Article{BarrieretalOncogene05,
  SUBJECTS = {Microarrays},
  author = 	 {A. Barrier and A. Lemoine and P.-Y. Bo\"{e}lle and C. Tse and D. Brault and F. Chiappini and J. Breittschneider and F. Lacaine and S. Houry and M. Huguier and M. J. van der Laan and T. P. Speed and B. Debuire and A. Flahault and S. Dudoit},
  title = 	 {Colon cancer prognosis prediction by gene expression profiling},
  journal = 	 {Oncogene},
  year = 	 {2005},
  OPTkey = 	 {},
  volume = 	 {24},
  number = 	 {40},
  pages = 	 {6155--6164},
  OPTmonth = 	 {},
  OPTnote = 	 {},
  OPTannote = 	 {},
  pmid = {PMID: 16091735}, 
  url=           {http://www.nature.com/onc/journal/v24/n40/abs/1208984a.html}
}

@Article{BarrieretalOncogene07,
  SUBJECTS = {Microarrays},
  author = 	 {A. Barrier and F. Roser and P.-Y. Bo\"{e}lle and B. Franc and C. Tse and D. Brault and F. Lacaine and S. Houry and P. Callard and C. Penna and B. Debuire and A. Flahault and S. Dudoit and A. Lemoine},
  title = 	 {Prognosis of stage {II} colon cancer by non-neoplastic mucosa gene expression profiling},
  journal = 	 {Oncogene},
  year = 	 {2007},
  OPTkey = 	 {},
  volume = 	 {26},
  number = 	 {18},
  pages = 	 {2642--2648},
  OPTmonth = 	 {},
  OPTnote = 	 {},
  OPTannote = 	 {},
  url=           {http://www.nature.com/onc/journal/v26/n18/abs/1210060a.html}
}

@TechReport{BarrieretalTechRep178,
  SUBJECTS = {Microarrays},
  author = 	 {A. Barrier and S. Dudoit},
  title = 	 {Colon cancer prognosis prediction by gene expression profiling},
  institution =  {Division of Biostatistics, University of California, Berkeley},
  year = 	 {2005},
  OPTkey = 	 {},
  OPTtype = 	 {},
  number = 	 {178},
  address = 	 {Berkeley, CA 94720-7358},
  OPTmonth = 	 {},
  OPTnote = 	 {},
  OPTannote = 	 {},
  url=           {http://www.bepress.com/ucbbiostat/paper178}
}

@TechReport{BarrieretalTechRep179,
  SUBJECTS = {Microarrays},
  author = 	 {A. Barrier and S. Dudoit},
  title = 	 {Prognosis of stage {II} colon cancer by non-neoplastic mucosa gene expresssion profiling},
  institution =  {Division of Biostatistics, University of California, Berkeley},
  year = 	 {2005},
  OPTkey = 	 {},
  OPTtype = 	 {},
  number = 	 {179},
  address = 	 {Berkeley, CA 94720-7358},
  OPTmonth = 	 {},
  OPTnote = 	 {},
  OPTannote = 	 {},
  url=           {http://www.bepress.com/ucbbiostat/paper179}
}


@TechReport{BirkneretalTechRep168,
  SUBJECTS = {MultTest},
  author = 	 {M. D. Birkner and K. S. Pollard and M. J. van der Laan and S. Dudoit},
  title = 	 {Multiple testing procedures and applications to genomics},
  institution =  {Division of Biostatistics, University of California, Berkeley},
  year = 	 {2005},
  OPTkey = 	 {},
  OPTtype = 	 {},
  number = 	 {168},
  address = 	 {Berkeley, CA 94720-7358},
  OPTmonth = 	 {},
  OPTnote = 	 {},
  OPTannote = 	 {},
  url=           {http://www.bepress.com/ucbbiostat/paper168}
}


@Article{Boldricketal02,
  SUBJECTS = {Microarrays},
  author = 	 {J. C. Boldrick and A. A. Alizadeh and M. Diehn and S. Dudoit and C. L. Liu and C. E. Belcher and D. Botstein and L. M. Staudt and P. O. Brown 
and D. A. Relman},
  title = 	 {Stereotyped and specific gene expression programs in human innate immune responses to bacteria},
  journal = 	 PNAS,
  year = 	 {2002},
  OPTkey = 	 {},
  volume = 	 {99},
  number = 	 {2},
  pages = 	 {972--977},
  OPTmonth = 	 {},
  OPTnote = 	 {},
  OPTannote = 	 {},
  pmid = {PMID: 11805339},
  pmcid = {PMCID: PMC117415},
  url=           {http://genome-www.stanford.edu/hostresponse}
}

@Article{Brooksetal11,
  SUBJECTS = {HTS},
  author = 	 {A. N. Brooks and L. Yang and M. O. Duff and K. D. Hansen and J. W. Park and S. Dudoit and S. E. Brenner and B. R. Graveley},
  title = 	 {Conservation of an {RNA} regulatory map between {{\it Drosophila}} and mammals},
  journal = 	 {Genome Research},
  year = 	 {2011},
  OPTkey = 	 {},
  volume = 	 {21},
  number = 	 {2},
  pages = 	 {193--202},
  OPTmonth = 	 {},
  OPTnote = 	 {},
  OPTannote = 	 {},
  pmid = {PMID: 20921232},
  pmcid = {PMCID: PMC3032923},
  url=           {http://genome.cshlp.org/content/21/2/193.abstract}
}


@Article{BullardetalBMCBioinf10,
  SUBJECTS = {HTS},
  author = 	 {J. H. Bullard and E. A. Purdom and K. D. Hansen and S. Dudoit},
  title = 	 {Evaluation of statistical methods for normalization and differential expression in {mRNA-Seq} experiments},
  journal = 	 {BMC Bioinformatics},
  year = 	 {2010},
  OPTkey = 	 {},
  volume = 	 {11},
  OPTnumber = 	 {},
  pages = 	 {Article 94},
  OPTmonth = 	 {},
  note = 	 {(Highly accessed)},
  OPTannote = 	 {},
  pmid = {PMID: 20167110},
  pmcid = {PMCID: PMC2838869},
  url=           {http://www.biomedcentral.com/1471-2105/11/94/abstract}
}

@Article{BullardetalPNAS10,
  SUBJECTS = {HTS},
  author = 	 {J. H. Bullard and Y. Mostovoy and S. Dudoit and R. B. Brem},
  title = 	 {Polygenic and directional regulatory evolution across pathways in {{\it Saccharomyces}}},
  journal = 	 PNAS,
  year = 	 {2010},
  OPTkey = 	 {},
  volume = 	 {107},
  number = 	 {11},
  pages = 	 {5058-5063},
  OPTmonth = 	 {},
  OPTnote = 	 {},
  OPTannote = 	 {},
  pmid = {PMID: 20194736},
  pmcid = {PMCID: PMC2841874},
  url=           {http://www.pnas.org/content/107/11/5058.abstract}
}

@TechReport{BullardetalTechRep247,
  SUBJECTS = {HTS},
  author = 	 {J. H. Bullard and E. A. Purdom and K. D. Hansen and S. Dudoit},
  title = 	 {Evaluation of statistical methods for normalization and differential expression in {mRNA-Seq} experiments},
  institution =  {Division of Biostatistics, University of California, Berkeley},
  year = 	 {2009},
  OPTkey = 	 {},
  OPTtype = 	 {},
  number = 	 {247},
  address = 	 {Berkeley, CA 94720-7358},
  OPTmonth = 	 {},
  OPTnote = 	 {},
  OPTannote = 	 {},
  url=           {http://www.bepress.com/ucbbiostat/paper247}
}

@Article{Callowetal00,
  SUBJECTS = {Microarrays},
  author = 	 {M. J. Callow and S. Dudoit and E. L. Gong and T. P. Speed and E. M. Rubin},
  title = 	 {Microarray expression profiling identifies genes with altered expression in {HDL} deficient mice},
  journal = 	 {Genome Research},
  year = 	 {2000},
  OPTkey = 	 {},
  volume = 	 {10},
  number = 	 {12},
  OPTmonth = 	 {},
  pages = 	 {2022--2029},
  OPTnote = 	 {},
  OPTannote = 	 {},
  pmid = {PMID: 11116096},
  pmcid = {PMCID: PMC313086},  
  url=           {http://genome.cshlp.org/content/10/12/2022.abstract},
}


@Article{Chaeetal09,
  SUBJECTS = {Microarrays},
  author = 	 {L. Chae and S. Sudat and S. Dudoit and T. Zhu and S. Luan},
  title = 	 {Diverse transcriptional programs associated with environmental stress and hormones in the {{\it Arabidopsis}} receptor-like kinase gene family},
  journal = 	 {Molecular Plant},
  year = 	 {2009},
  OPTkey = 	 {},
  volume = 	 {2},
  number = 	 {1},
  pages = 	 {84--107},
  OPTmonth = 	 {},
  OPTnote = 	 {},
  OPTannote = 	 {},
  pmid = {PMID: 19529822},
  pmcid = {PMCID: PMC2639733},
  url=           {http://mplant.oxfordjournals.org/content/2/1/84.abstract}
}


@Article{Changetal02,
  SUBJECTS = {Microarrays},
  author = 	 {H. Y. Chang and J.-T. Chi and S. Dudoit and C. Bondre and M. van de Rijn and D. Botstein D and P. O. Brown},
  title = 	 {Diversity, topographic differentiation, and positional memory in human fibroblasts},
  journal = 	 PNAS,
  year = 	 {2002},
  OPTkey = 	 {},
  volume = 	 {99},
  number = 	 {20},
  pages = 	 {12877--12882},
  OPTmonth = 	 {},
  OPTnote = 	 {},
  OPTannote = 	 {},
  pmid = {PMID: 12297622},
  pmcid = {PMCID: PMC130553},
  url=           {http://genome-www.stanford.edu/fibroblast/index.shtml}
}


@Article{Chenetal02,
  SUBJECTS = {Microarrays},
  author = 	 {X. Chen and S. T. Cheung and S. So and S. T. Fan and C. Barry and J. Higgins and K.-M. Lai and J. Ji and S. Dudoit and I. O. L. Ng and M. van de Rijn and D. Botstein and P. O. Brown },
  title = 	 {Gene expression patterns in human liver cancers},
  journal = 	 {Molecular Biology of the Cell},
  year = 	 {2002},
  OPTkey = 	 {},
  volume = 	 {13},
  number = 	 {6},
  pages = 	 {1929--1939},
  OPTmonth = 	 {},
  OPTnote = 	 {},
  OPTannote = 	 {},
  pmid = {PMID: 12058060}, 
  pmcid = {PMCID: PMC117615},
  url=           {http://smd.stanford.edu/cgi-bin/publication/viewPublication.pl?pub_no=107&1622}
}

@Article{ChiappinietalLI06,
  SUBJECTS = {Microarrays},
  author = 	 {F. Chiappini and A. Barrier and R. Saffroy and M.-C. Domart and N. Dagues and D. Azoulay and M. Sebagh and B. Franc and S. Chevalier and B. Debuire and S. Dudoit and A. Lemoine},
  title = 	 {Exploration of global gene expression in human liver steatosis by high-density oligonucleotide microarray},
  journal = 	 {Laboratory Investigation},
  year = 	 {2006},
  OPTkey = 	 {},
  volume = 	 {86},
  number = 	 {2},
  pages = 	 {154--165},
  OPTmonth = 	 {},
  OPTnote = 	 {},
  OPTannote = 	 {},
  pmid = {PMID: 16344856},
  url=           {http://www.nature.com/labinvest/journal/v86/n2/abs/3700374a.html}
}


@Article{Dudoit&FridlyandBioinf03,
  SUBJECTS = {Clustering, Microarrays},
  author = 	 {S. Dudoit and J. Fridlyand},
  title = 	 {Bagging to improve the accuracy of a clustering procedure},
  journal = 	 {Bioinformatics},
  year = 	 {2003},
  OPTkey = 	 {},
  volume = 	 {19},
  number = 	 {9},
  pages = 	 {1090--1099},
  OPTmonth = 	 {},
  OPTnote = 	 {},
  OPTannote = 	 {},
  pmid = {PMID: 12801869},
  url=           {http://bioinformatics.oxfordjournals.org/content/19/9/1090.abstract}
  }


@InCollection{Dudoit&FridlyandCRC03,
  SUBJECTS = {Prediction, Microarrays},
  author = 	 {S. Dudoit and J. Fridlyand},
  title = 	 {Classification in microarray experiments},
  booktitle = 	 {Statistical Analysis of Gene Expression Microarray Data},
  OPTcrossref =  {},
  OPTkey = 	 {},
  pages = 	 {93--158},
  publisher =    {Chapman \& Hall/CRC},
  year = 	 {2003},
  editor = 	 {T. P. Speed},
  OPTvolume = 	 {},
  OPTnumber = 	 {},
  OPTseries = 	 {},
  OPTtype = 	 {},
  chapter = 	 {3},
  OPTaddress = 	 {},
  OPTedition = 	 {},
  OPTmonth = 	 {},
  OPTnote = 	 {},
  OPTannote = 	 {},
  url=           {http://www.crcpress.com/product/isbn/9781584883272}
}


@Article{Dudoit&FridlyandGenBio02,
  SUBJECTS = {Clustering, Microarrays},
  author = 	 {S. Dudoit and J. Fridlyand},
  title = 	 {A prediction-based resampling method for estimating the number of clusters in a dataset},
  journal = 	 {Genome Biology},
  year = 	 {2002},
  OPTkey = 	 {},
  volume = 	 {3},
  number = 	 {7},
  pages = 	 {research0036.1--research0036.21},
  OPTmonth = 	 {},
  OPTnote = 	 {},
  OPTannote = 	 {},
  pmid = {PMID: 12184810},
  pmcid = {PMCID: PMC126241},
  url=           {http://genomebiology.com/2002/3/7/research/0036}
}

@InCollection{Dudoit&FridlyandKluwer03,
  SUBJECTS = {Prediction, Microarrays},
  author = 	 {S. Dudoit and J. Fridlyand},
  title = 	 {Introduction to classification in microarray experiments},
  booktitle = 	 {A Practical Approach to Microarray Data Analysis},
  OPTcrossref =  {},
  OPTkey = 	 {},
  pages = 	 {132--149},
  publisher =    {Springer},
  year = 	 {2003},
  editor = 	 {D. P. Berrar and W. Dubitzky and M. Granzow},
  OPTvolume = 	 {},
  OPTnumber = 	 {},
  OPTseries = 	 {},
  OPTtype = 	 {},
  chapter = 	 {7},
  OPTaddress = 	 {},
  OPTedition = 	 {},
  OPTmonth = 	 {},
  OPTnote = 	 {},
  OPTannote = 	 {},
  url=           {http://www.springerlink.com/content/h0244107q362r445}

}


@TechReport{Dudoit&FridlyandTechRep600,
  SUBJECTS = {Clustering, Microarrays},
  author = 	 {S. Dudoit and J. Fridlyand},
  title = 	 {Applications of resampling methods to estimate the number of clusters and to improve the accuracy of a clustering method},
  institution =  {Department of Statistics, University of California, Berkeley},
  year = 	 {2001},
  OPTkey = 	 {},
  OPTtype = 	 {},
  number = 	 {600},
  address = 	 {Berkeley, CA 94720-3860},
  OPTmonth = 	 {},
  OPTnote = 	 {},
  OPTannote = 	 {},
  url=           {http://www.stat.berkeley.edu/tech-reports/index.html}
}

@InCollection{Dudoit&Goldstein03,
  SUBJECTS = {Linkage},
  author = 	 {S. Dudoit and D. R. Goldstein},
  title = 	 {Extensions to a score test for genetic linkage with identity by descent data},
  booktitle = 	 {Statistics and Science: {A} Festschrift for Terry Speed},
  OPTcrossref =  {},
  OPTkey = 	 {},
  pages = 	 {307--319},
  publisher =    {Institute of Mathematical Statistics},
  year = 	 {2003},
  editor = 	 {D. R. Goldstein},
  volume = 	 {40},
  OPTnumber = 	 {},
  series = 	 {Lecture Notes -- Monograph Series},
  OPTtype = 	 {},
  OPTchapter = 	 {},
  OPTaddress = 	 {},
  OPTedition = 	 {},
  OPTmonth = 	 {},
  OPTnote = 	 {},
  OPTannote = 	 {},
  url=           {http://projecteuclid.org/euclid.lnms/1215091150}
}



@Article{Dudoit&SpeedAnnals99,
  SUBJECTS = {Linkage},
  author = 	 {S. Dudoit and T. P. Speed},
  title = 	 {A score test for linkage using identity by descent data from sibships},
  journal = 	 {Annals of Statistics},
  year = 	 {1999},
  OPTkey = 	 {},
  volume = 	 {27},
  number = 	 {3},
  OPTmonth = 	 {},
  pages = 	 {943--986},
  OPTnote = 	 {},
  OPTannote = 	 {},
  url=           {http://projecteuclid.org/euclid.aos/1018031264}
}


@Article{Dudoit&SpeedBios00,
  SUBJECTS = {Linkage},
  author = 	 {S. Dudoit and T. P. Speed},
  title = 	 {A score test for the linkage analysis of qualitative and quantitative traits based on identity by descent data from sib-pairs},
  journal = 	 {Biostatistics},
  year = 	 {2000},
  OPTkey = 	 {},
  volume = 	 {1},
  number = 	 {1},
  pages = 	 {1--26},
  OPTmonth = 	 {},
  OPTnote = 	 {},
  OPTannote = 	 {},
  pmid = {PMID: 12933522},
  url=           {http://biostatistics.oxfordjournals.org/content/1/1/1.abstract}
}


@InCollection{Dudoit&SpeedIMA99,
  SUBJECTS = {Linkage},
  author = 	 {S. Dudoit and T. P. Speed},
  title = 	 {Triangle constraints for sib-pair identity by descent probabilities under a general multilocus model for disease susceptibility},
  booktitle = 	 {Statistics in Genetics},
  OPTcrossref =  {},
  OPTkey = 	 {},
  pages = 	 {181--221},
  publisher =    {Springer},
  year = 	 {1999},
  editor = 	 {M. E. Halloran and S. Geisser},
  volume = 	 {112},
  OPTnumber = 	 {},
  series = 	 {The IMA Volumes in Mathematics and its Applications},
  OPTtype = 	 {},
  OPTchapter = 	 {},
  address = 	 {New York},
  OPTedition = 	 {},
  OPTmonth = 	 {},
  OPTnote = 	 {},
  OPTannote = 	 {},
  url=           {}
}
                      

@InCollection{Dudoit&YangSpringer03,
  SUBJECTS = {Software, Microarrays},
  author = 	 {S. Dudoit and Y. H. Yang},
  title = 	 {{B}ioconductor {R} packages for exploratory analysis and normalization of {cDNA} microarray data},
  booktitle = 	 {The Analysis of Gene Expression Data: {M}ethods and Software},
  OPTcrossref =  {},
  OPTkey = 	 {},
  pages = 	 {73--101},
  publisher =    {Springer},
  year = 	 {2003},
  editor = 	 {G. Parmigiani and E. S. Garrett and R. A. Irizarry and S. L. Zeger},
  OPTvolume = 	 {},
  OPTnumber = 	 {},
  series = 	 {Statistics for Biology and Health},
  OPTtype = 	 {},
  chapter = 	 {3},
  OPTaddress = 	 {},
  OPTedition = 	 {},
  OPTmonth = 	 {},
  OPTnote = 	 {},
  OPTannote = 	 {},
  url=           {http://www.springerlink.com/content/xp00pv11127n2756}
}


@InProceedings{Dudoit&vdLaanISI03,
  SUBJECTS = {LBECV},
  author = 	 {S. Dudoit and M. J. van der Laan},
  title = 	 {Unified cross-validation methodology for estimator selection and applications to genomics},
  OPTcrossref =  {},
  OPTkey = 	 {},
  booktitle =    {Bulletin of the International Statistical Institute, 54th Session Proceedings},
  pages = 	 {412--415},
  year = 	 {2003},
  OPTeditor = 	 {},
  volume = 	 {LX},
  number = 	 {2},
  OPTseries = 	 {},
  OPTaddress = 	 {},
  OPTmonth = 	 {},
  OPTorganization = {},
  OPTpublisher = {},
  OPTnote = 	 {},
  OPTannote = 	 {},
  url=           {http://isi.cbs.nl/iamamember/cd3/index.html}
}

@Book{Dudoit&vdLaanMTBook,
  SUBJECTS = {MultTest, Microarrays},
  author = 	 {S. Dudoit and M. J. van der Laan},
  ALTeditor = 	 {},
  title = 	 {Multiple Testing Procedures with Applications to Genomics},
  publisher = 	 {Springer},
  year = 	 {2008},
  OPTkey = 	 {},
  OPTvolume = 	 {},
  OPTnumber = 	 {},
  series = 	 {Springer Series in Statistics},
  address = 	 {New York},
  OPTedition = 	 {},
  OPTmonth = 	 {},
  OPTnote = 	 {},
  OPTannote = 	 {},
  url=           {http://www.springerlink.com/content/978-0-387-49316-9}
}

@Article{Dudoit&vdLaanStatMeth05,
  SUBJECTS = {LBECV},
  author = 	 {S. Dudoit and M. J. van der Laan},
  title = 	 {Asymptotics of cross-validated risk estimation in estimator selection and performance assessment},
  journal = 	 {Statistical Methodology},
  year = 	 {2005},
  OPTkey = 	 {},
  volume = 	 {2},
  number = 	 {2},
  pages = 	 {131--154},
  OPTmonth = 	 {},
  OPTnote = 	 {},
  OPTannote = 	 {},
  url=           {http://www.sciencedirect.com/science/article/B7CRS-4FWKMD1-2/2/22cf318d186d9fff3a5756bd14a223fb}
}

@TechReport{Dudoit&vdLaanTechRep126,
  SUBJECTS = {LBECV},
  author = 	 {S. Dudoit and M. J. van der Laan},
  title = 	 {Asymptotics of cross-validated risk estimation in model
  selection and performance assessment},
  institution =  {Division of Biostatistics, University of California, Berkeley},
  year = 	 {2003},
  OPTkey = 	 {},
  OPTtype = 	 {},
  number = 	 {126},
  address = 	 {Berkeley, CA 94720-7358},
  OPTmonth = 	 {},
  OPTnote = 	 {to appear in Statistical Methodology},
  OPTannote = 	 {},
  url=          {http://www.bepress.com/ucbbiostat/paper126}
}




@PhdThesis{Dudoit99,
  SUBJECTS = {Linkage},
  author = 	 {S. Dudoit},
  title = 	 {Linkage Analysis of Complex Human Traits Using Identity by Descent Data},
  school = 	 {Department of Statistics, University of California, Berkeley},
  year = 	 {1999},
  OPTkey = 	 {},
  address = 	 {Berkeley, CA 94720-3860},
  OPTtype = 	 {},
  OPTmonth = 	 {},
  OPTnote = 	 {},
  OPTannote = 	 {},
  url=           {http://www.stat.berkeley.edu/~sandrine}
}

@TechReport{DudoitTechRep128,
  SUBJECTS = {Linkage},
  author = 	 {S. Dudoit},
  title = 	 {{IBD} configuration transition matrices and linkage
  score tests for unilineal relative pairs},
  institution =  {Division of Biostatistics, University of California, Berkeley},
  year = 	 {2003},
  OPTkey = 	 {},
  OPTtype = 	 {},
  number = 	 {128},
  address = 	 {Berkeley, CA 94720-7358},
  OPTmonth = 	 {},
  OPTnote = 	 {},
  OPTannote = 	 {},
  pmid = {PMID: 11055375},
  url=           {http://www.bepress.com/ucbbiostat/paper128}

}



@Article{DudoitetalBJ08,
  SUBJECTS = {MultTest},
  author = 	 {S. Dudoit and H. N. Gilbert and M. J. van der Laan},
  title = 	 {Resampling-based empirical {B}ayes multiple testing procedures for controlling generalized tail probability and expected value error rates: {F}ocus on the false discovery rate and simulation study},
  journal = 	 {Biometrical Journal},
  year = 	 {2008},
  OPTkey = 	 {},
  volume = 	 {50},
  number = 	 {5},
  pages = 	 {716--744},
  OPTmonth = 	 {},
  OPTnote = 	 {},
  OPTannote = 	 {},
  pmid = {PMID: 18932138},
  url=           {http://onlinelibrary.wiley.com/doi/10.1002/bimj.200710473/abstract}
}

@Article{DudoitetalBioTech03,
  SUBJECTS = {Software, Microarrays},
  author = 	 {S. Dudoit and R. C. Gentleman and J. Quackenbush},
  title = 	 {Open source software for the analysis of microarray data},
  journal = 	 {BioTechniques},
  year = 	 {2003},
  OPTkey = 	 {},
  volume = 	 {34},
  number = 	 {3},
  pages = 	 {45--51},
  OPTmonth = 	 {},
  note = 	 {Supplement: Microarrays in Cancer: {R}esearch and Applications},
  OPTannote = 	 {},
  pmid = {PMID: 12664684},
  url=           {http://www.biotechniques.com/BiotechniquesJournal/supplements/2003/March}}
}

@InCollection{DudoitetalDFF08,
  SUBJECTS = {Microarrays, MultTest},
  author = 	 {S. Dudoit and S. Kele\c{s} and M. J. van der Laan}, 
  title = 	 {Multiple tests of association with biological annotation metadata},
  booktitle = 	 {Probability and Statistics: Essays in Honor of David A. Freedman},
  OPTcrossref =  {},
  OPTkey = 	 {},
  pages = 	 {153--218},
  publisher = {Institute of Mathematical Statistics},
  year = 	 {2008},
  editor = 	 {D. Nolan and T. P. Speed},
  volume = 	 {2},
  OPTnumber = 	 {},
  series = 	 {Institute of Mathematical Statistics {COLLECTIONS}},
  OPTtype = 	 {},
  OPTchapter = 	 {},
  OPTaddress = 	 {},
  OPTedition = 	 {},
  OPTmonth = 	 {},
  OPTnote = 	 {},
  OPTannote = 	 {},
  url=           {http://projecteuclid.org/euclid.imsc/1207580084}
}


@Article{DudoitetalJASA02,
  SUBJECTS = {Microarrays,Prediction},
  author =       {S. Dudoit and J. Fridlyand and T. P. Speed},
  title =        {Comparison of discrimination methods for the classification of
 tumors using gene expression data},
  journal =      JASA,
  year =         {2002},
  OPTkey =       {},
  volume =    {97},
  number =    {457},
  pages =     {77--87},
  OPTmonth =     {},
  OPTnote =      {},
  OPTannote =    {},
  url=           {http://pubs.amstat.org/doi/abs/10.1198/016214502753479248}
}

@Article{DudoitetalMT1SAGMB04,
  SUBJECTS = {MultTest},
  author = 	 {S. Dudoit and M. J. van der Laan and K. S. Pollard},
  title = 	 {Multiple testing. {P}art {I}. {S}ingle-step procedures for control of general {T}ype {I} error rates},
  journal = 	 SAGMB,
  year = 	 {2004},
  OPTkey = 	 {},
  volume = 	 {3},
  number = 	 {1},
  pages = 	 {Article 13},
  OPTmonth = 	 {},
  OPTnote = 	 {},
  OPTannote = 	 {Technical Report 138, Division of Biostatistics, University of California, Berkeley},
  pmid = {PMID: 16646791},
  url=           {http://www.bepress.com/sagmb/vol3/iss1/art13}
}


@Article{DudoitetalRNews02,
  SUBJECTS = {Software, Microarrays},
  author       = {S. Dudoit and Y. H.  Yang and B. Bolstad},
  title        = {Using {R} for the analysis of {DNA} microarray data},
  journal      = {R News},
  year         = 2002,
  volume       = 2,
  number       = 1,
  pages        = {24--32},
  month        = {March},
  url          = {http://www.r-project.org/doc/Rnews}
}


@Article{DudoitetalSIGKDD03,
  SUBJECTS = {LBECV, Microarrays},
  author = 	 {S. Dudoit and M. J. van der Laan and S. Kele\c{s} and
A. M. Molinaro and S. E. Sinisi and S. L. Teng},
  title = 	 {Loss-based estimation with cross-validation: {A}pplications to microarray data analysis},
  journal = 	 {SIGKDD Explorations},
  year = 	 {2003},
  editor = 	 {G. Piatetsky-Shapiro and P. Tamayo},
  OPTkey = 	 {},
  volume = 	 {5},
  number = 	 {2},
  pages = 	 {56--68},
  OPTmonth = 	 {},
  note = 	 {Special Issue: Microarray Data Mining},
  OPTannote = 	 {},
  url =          {http://www.sigkdd.org/explorations/issue.php?volume=5&issue=2&year=2003&month=12}
}

@Article{DudoitetalSinica02,
  SUBJECTS = {Microarrays, MultTest},
  author = 	 {S. Dudoit and Y. H. Yang and M. J. Callow and T. P. Speed},
  title = 	 {Statistical methods for identifying differentially expressed genes in replicated {cDNA} microarray experiments},
  journal = 	 {Statistica Sinica},
  year = 	 {2002},
  OPTkey = 	 {},
  volume = 	 {12},
  number = 	 {1},
  pages = 	 {111--139},
  OPTmonth = 	 {},
  OPTnote = 	 {},
  OPTannote = 	 {},
  url=           {http://www3.stat.sinica.edu.tw/statistica/j12n1/j12n16/j12n16.htm}
}

@Article{DudoitetalStatSci03,
  SUBJECTS = {Microarrays, MultTest},
  author = 	 {S. Dudoit and J. P. Shaffer and J. C. Boldrick},
  title = 	 {Multiple hypothesis testing in microarray experiments},
  journal = 	 {Statistical Science},
  year = 	 {2003},
  OPTkey = 	 {},
  volume = 	 {18},
  number = 	 {1},
  pages = 	 {71--103},
  OPTmonth = 	 {},
  OPTnote = 	 {},
  OPTannote = 	 {},
  url=           {http://projecteuclid.org/euclid.ss/1056397487}
}



@TechReport{DudoitetalTechRep110,
  SUBJECTS = {Microarrays, MultTest},
  author = 	 {S. Dudoit and J. P. Shaffer and J. C. Boldrick},
  title = 	 {Multiple hypothesis testing in microarray experiments},
  institution =  {Division of Biostatistics, University of California, Berkeley},
  year = 	 {2002},
  OPTkey = 	 {},
  OPTtype = 	 {},
  number = 	 {110},
  address = 	 {Berkeley, CA 94720-7358},
  OPTmonth = 	 {},
  OPTnote = 	 {},
  OPTannote = 	 {},
  url=           {http://www.bepress.com/ucbbiostat/paper110}

}

@TechReport{DudoitetalTechRep137,
  SUBJECTS = {LBECV, Microarrays},
  author = 	 {S. Dudoit and M. J. van der Laan and S. Kele\c{s} and
A. M. Molinaro and S. E. Sinisi and S. L. Teng},
  title = 	 {Loss-based estimation with cross-validation: {A}pplications to microarray data analysis and motif finding},
  institution =  {Division of Biostatistics, University of California, Berkeley},
  year = 	 {2003},
  OPTkey = 	 {},
  OPTtype = 	 {},
  number = 	 {137},
  address = 	 {Berkeley, CA 94720-7358},
  OPTmonth = 	 {},
  OPTnote = 	 {},
  OPTannote = 	 {},
  url=           {http://www.bepress.com/ucbbiostat/paper137}
}


@TechReport{DudoitetalTechRep138,
  SUBJECTS = {MultTest},
  author = 	 {S. Dudoit and M. J. van der Laan and K. S. Pollard},
  title = 	 {Multiple testing. {P}art {I}. {S}ingle-step procedures for control of general {T}ype {I} error rates},
  institution =  {Division of Biostatistics, University of California, Berkeley},
  year = 	 {2003},
  OPTkey = 	 {},
  OPTtype = 	 {},
  number = 	 {138},
  address = 	 {Berkeley, CA 94720-7358},
  OPTmonth = 	 {},
  OPTnote = 	 {},
  OPTannote = 	 {},
  url=           {http://www.bepress.com/ucbbiostat/paper138}
}

@TechReport{DudoitetalTechRep166,
  SUBJECTS = {MultTest},
  author = 	 {S. Dudoit and M. J. van der Laan and M. D. Birkner},
  title = 	 {Multiple testing procedures for controlling tail probability error rates},
  institution =  {Division of Biostatistics, University of California, Berkeley},
  year = 	 {2004},
  OPTkey = 	 {},
  OPTtype = 	 {},
  number = 	 {166},
  address = 	 {Berkeley, CA 94720-7358},
  OPTmonth = 	 {},
  OPTnote = 	 {},
  OPTannote = 	 {},
  url=           {http://www.bepress.com/ucbbiostat/paper166}
}



@TechReport{DudoitetalTechRep202,
  SUBJECTS = {MultTest, Microarrays},
  author = 	 {S. Dudoit and S. Kele\c{s} and M. J. van der Laan},
  title = 	 {Multiple tests of association with biological annotation metadata},
  institution =  {Division of Biostatistics, University of California, Berkeley},
  year = 	 {2006},
  OPTkey = 	 {},
  OPTtype = 	 {},
  number = 	 {202},
  address = 	 {Berkeley, CA 94720-7358},
  OPTmonth = 	 {},
  OPTnote = 	 {},
  OPTannote = 	 {},
  url=           {http://www.bepress.com/ucbbiostat/paper202}
}


@TechReport{DudoitetalTechRep228,
  SUBJECTS = {MultTest},
  author = 	 {S. Dudoit and H. N. Gilbert and M. J. van der Laan},
  title = 	 {Resampling-based empirical {B}ayes multiple testing procedures for controlling generalized tail probability and expected value error rates: {F}ocus on the false discovery rate and simulation study},
  institution =  {Division of Biostatistics, University of California, Berkeley},
  year = 	 {2007},
  OPTkey = 	 {},
  OPTtype = 	 {},
  number = 	 {228},
  address = 	 {Berkeley, CA 94720-7358},
  OPTmonth = 	 {},
  OPTnote = 	 {},
  OPTannote = 	 {},
  url=           {http://www.bepress.com/ucbbiostat/paper228}
}



@Article{DurbinetalJSPI08,
  SUBJECTS = {LBECV, MiscStat},
  author = 	 {B. Durbin and S. Dudoit and M. J. van der Laan},
  title = 	 {A deletion/substitution/addition algorithm for classification neural networks, with applications to biomedical data},
  journal = 	 JSPi,
  year = 	 {2008},
  editor=        {S. Gupta and R. Mukerjee},
  OPTkey = 	 {},
  volume = 	 {138},
  number = 	 {2},
  pages = 	 {464--488},
  OPTmonth = 	 {},
  note = 	 {Special Issue: Statistical Design and Analysis in the Health Sciences {III}},
  OPTannote = 	 {},
  url=           {http://www.sciencedirect.com/science/article/B6V0M-4NY3YPF-1/2/aedf3d9f5b13685ed86b213384a23e31}
}



@TechReport{DurbinetalTechRep170,
  SUBJECTS = {LBECV, MiscStat},
  author = 	 {B. Durbin and S. Dudoit and M. J. van der Laan},
  title = 	 {Optimization of the architecture of neural networks using a deletion/substitution/addition algorithm},
  institution =  {Division of Biostatistics, University of California, Berkeley},
  year = 	 {2005},
  OPTkey = 	 {},
  OPTtype = 	 {},
  number = 	 {170},
  address = 	 {Berkeley, CA 94720-7358},
  OPTmonth = 	 {},
  OPTnote = 	 {},
  OPTannote = 	 {},
  url=           {http://www.bepress.com/ucbbiostat/paper170}
}

@Article{Durincketal09,
  SUBJECTS = {Software, Microarrays},
  author = 	 {S. Durinck and J. Bullard and P. T. Spellman and S. Dudoit},
  title = 	 {{GenomeGraphs}: integrated genomic data visualization with {R}},
  journal = 	 {BMC Bioinformatics},
  year = 	 {2009},
  OPTkey = 	 {},
  volume = 	 {10},
  OPTnumber = 	 {},
  pages = 	 {Article 2},
  OPTmonth = 	 {},
  note = 	 {(Highly accessed)},
  OPTannote = 	 {},
  pmid = {PMID: 19123956},
  pmcid = {PMCID: PMC2629762},
  url=           {http://www.biomedcentral.com/1471-2105/10/2/abstract}
}


@Article{GeetalTEST03,
  SUBJECTS = {Microarrays, MultTest},
  author = 	 {Y. Ge and S. Dudoit and T. P. Speed},
  title = 	 {Resampling-based multiple testing for microarray
  data analysis},
  journal = 	 {TEST},
  year = 	 {2003},
  OPTkey = 	 {},
  volume = 	 {12},
  number = 	 {1},
  pages = 	 {1--77},
  OPTmonth = 	 {},
  OPTnote = 	 {},
  OPTannote = 	 {},
  url=           {http://www.springerlink.com/content/66282whm70477618}
}




@Article{GentlemanetalGenBio04,
  SUBJECTS = {Software}, 
  author = 	 {R. C. Gentleman and V. J. Carey and D. M. Bates and B. Bolstad and M. Dettling and S. Dudoit and B. Ellis and L. Gautier and Y. Ge and J. Gentry and K. Hornik and T. Hothorn and W. Huber and S. Iacus and
R. A. Irizarry and F. Leisch and C. Li and M. Maechler and A. J. Rossini and G. Sawitzki and C. Smith and G. K. Smyth and L. Tierney and Y. H. Yang and J. Zhang},
  title = 	 {{B}ioconductor: {O}pen software development for computational
biology and bioinformatics},
  journal = 	 {Genome Biology},
  year = 	 {2004},
  OPTkey = 	 {},
  volume = 	 {5},
  number = 	 {10},
  pages = 	 {R80},
  OPTmonth = 	 {},
  note = 	 {(Highly accessed)},
  OPTannote = 	 {},
  pmid = {PMID: 15461798},
  pmcid = {PMCID: PMC545600}, 
  url=           {http://genomebiology.com/2004/5/10/R80}
}


@Book{GentlemanetalSpringer05,
  SUBJECTS = {Software, Microarrays},
  ALTauthor = 	 {},
  editor = 	 {R. C. Gentleman and V. J. Carey and W. Huber and R. A. Irizarry and S. Dudoit},
  title = 	 {Bioinformatics and Computational Biology Solutions Using {R} and {B}ioconductor},
  publisher = 	 {Springer},
  year = 	 {2005},
  OPTkey = 	 {},
  OPTvolume = 	 {},
  OPTnumber = 	 {},
  series = 	 {Statistics for Biology and Health},
  address = 	 {New York},
  OPTedition = 	 {},
  OPTmonth = 	 {},
  OPTnote = 	 {},
  OPTannote = 	 {},
  url=           {http://www.springerlink.com/content/978-0-387-25146-2}
}


@TechReport{GilbertetalTechRep245,
  SUBJECTS = {MultTest, Microarrays},
  author = 	 {H. N. Gilbert and M. J. van der Laan and S. Dudoit},
  title = 	 {Joint multiple testing procedures for graphical model selection with applications to biological networks},
  institution =  {Division of Biostatistics, University of California, Berkeley},
  year = 	 {2009},
  OPTkey = 	 {},
  OPTtype = 	 {},
  number = 	 {245},
  address = 	 {Berkeley, CA 94720-7358},
  OPTmonth = 	 {},
  OPTnote = 	 {},
  OPTannote = 	 {},
  url=           {http://www.bepress.com/ucbbiostat/paper245}
}


@TechReport{GilbertetalTechRep249,
  SUBJECTS = {MultTest, Software, Microarrays},
  author = 	 {H. N. Gilbert and K. S. Pollard and M. J. van der Laan and S. Dudoit},
  title = 	 {Resampling-based multiple hypothesis testing with applications to genomics: {N}ew developments in the {R}/{B}ioconductor package multtest},
  institution =  {Division of Biostatistics, University of California, Berkeley},
  year = 	 {2009},
  OPTkey = 	 {},
  OPTtype = 	 {},
  number = 	 {249},
  address = 	 {Berkeley, CA 94720-7358},
  OPTmonth = 	 {},
  OPTnote = 	 {},
  OPTannote = 	 {},
  url=           {http://www.bepress.com/ucbbiostat/paper249}
}

@Article{GoldsteinetalGenEpi00,
  SUBJECTS = {Linkage}, 
  author = 	 {D. R. Goldstein and S. Dudoit and T. P. Speed},
  title = 	 {Power of a score test for quantitative trait linkage analysis of relative pairs.},
  journal = 	 {Genetic Epidemiology},
  year = 	 {2000},
  OPTkey = 	 {},
  volume = 	 {19},
  number = 	 {Suppl. 1},
  pages = 	 {S85--S91},
  OPTmonth = 	 {},
  OPTnote = 	 {},
  OPTannote = 	 {},
  url=           {http://onlinelibrary.wiley.com/doi/10.1002/1098-2272(2000)19:1+%3C::AID-GEPI13%3E3.0.CO;2-7/abstract}
}



@Article{GoldsteinetalGenEpi01,
  SUBJECTS = {Linkage},
  author = 	 {D. R. Goldstein and S. Dudoit and T. P. Speed},
  title = 	 {Power and robustness of a score  test for linkage analysis of quantitative traits using identity by descent data on sib pairs},
  journal = 	 {Genetic Epidemiology},
  year = 	 {2001},
  OPTkey = 	 {},
  volume = 	 {20},
  number = 	 {4},
  pages = 	 {415--431},
  OPTmonth = 	 {},
  OPTnote = 	 {},
  OPTannote = 	 {},
  pmid = {PMID: 11319783},
  url=           {http://onlinelibrary.wiley.com/doi/10.1002/gepi.1011/abstract}
}


@Article{Graveleyetal11,
  SUBJECTS = {HTS},
  author = 	 {B. R. Graveley and A. N. Brooks and J. W. Carlson and M. O. Duff and
  J. M. Landolin and L. Yang and C. G. Artieri and M. J. van Baren and N. Boley and
  B. W. Booth and J. B. Brown and L. Cherbas and C. A. Davis and A. Dobin and R. Li and
  W. Lin and J. H. Malone and N. R. Mattiuzzo and D. Miller and D. Sturgill and
  B. B. Tuch and C. Zaleski and D. Zhang and M. Blanchette and S. Dudoit and
  B. Eads and R. E. Green and A. Hammonds and L. Jiang and P. Kapranov and
  L. Langton and N. Perrimon and J. E. Sandler and K. H. Wan and A. Willingham and
  Y. Zhang and Y. Zou and J. Andrews and P. J. Bickel and S. E. Brenner and M. R. Brent and
  P. Cherbas and T. R. Gingeras and R. A. Hoskins and T. C. Kaufman and B. Oliver
  and S. E. Celniker},
  title = 	 {The developmental transcriptome of {{\it
    Drosophila melanogaster}}},
  journal = 	 {Nature},
  year = 	 {2011},
  OPTkey = 	 {},
  volume = 	 {471},
  number = 	 {7339},
  pages = 	 {473--479},
  OPTmonth = 	 {},
  OPTnote = 	 {},
  OPTannote = 	 {},
  pmcid = {PMID: 21179090},
  url=           {http://www.nature.com/nature/journal/v471/n7339/abs/nature09715.html}
}

@Article{HansenetalNAR10,
    SUBJECTS = {HTS},
  author = 	 {K. D. Hansen and S. E. Brenner and S. Dudoit},
  title = 	 {Biases in {I}llumina transcriptome sequencing
caused by random hexamer priming},
  journal = 	 {Nucleic Acids Research},
  year = 	 {2010},
  OPTkey = 	 {},
  volume = 	 {38},
  number = 	 {12},
  pages = 	 {e131},
  OPTmonth = 	 {},
  OPTnote = 	 {},
  OPTannote = 	 {},
  pmid = {PMID: 20395217},
  pmcid = {PMCID: PMC2896536},
  url=           {http://nar.oxfordjournals.org/content/38/12/e131.abstract}
}



@Article{HansenetalPLoSGenet09,
  SUBJECTS = {HTS},
  author = 	 {K. D. Hansen and L. F. Lareau and M. Blanchette and R. E. Green and Q. Meng and J. Rehwinkel and F. L. Gallusser and E. Izaurralde and D. C. Rio and S. Dudoit and S. E. Brenner},
  title = 	 {Genome-wide identification of alternative splice forms down-regulated by nonsense-mediated {mRNA} decay in {{\it Drosophila}}},
  journal = 	 {PLoS Genetics},
  year = 	 {2009},
  OPTkey = 	 {},
  volume = 	 {5},
  number = 	 {6},
  pages = 	 {e1000525},
  OPTmonth = 	 {},
  OPTnote = 	 {},
  OPTannote = 	 {},
  pmid = {PMID: 19543372},
  pmcid = {PMCID: PMC2689934},
  url=           {http://www.plosgenetics.org/article/info:doi/10.1371/journal.pgen.1000525}
}



@Article{HothornetalBios06,
  SUBJECTS = {LBECV, Prediction},
  author = 	 {T. Hothorn and P. B\"{u}hlmann and S. Dudoit and A. M. Molinaro and M. J. van der Laan},
  title = 	 {Survival ensembles},
  journal = 	 {Biostatistics},
  year = 	 {2006},
  OPTkey = 	 {},
  volume = 	 {7},
  number = 	 {3},
  pages = 	 {355--373},
  OPTmonth = 	 {},
  OPTnote = 	 {},
  OPTannote = 	 {},
  pmid = {PMID: 16344280},
  url=           {http://biostatistics.oxfordjournals.org/content/7/3/355.abstract}
}



@TechReport{HothornetalTechRep174,
  SUBJECTS = {LBECV, Prediction},
  author = 	 {T. Hothorn and P. B\"{u}hlmann and S. Dudoit and A. M. Molinaro and M. J. van der Laan},
  title = 	 {Survival ensembles},
  institution =  {Division of Biostatistics, University of California, Berkeley},
  year = 	 {2005},
  OPTkey = 	 {},
  OPTtype = 	 {},
  number = 	 {174},
  address = 	 {Berkeley, CA 94720-7358},
  OPTmonth = 	 {},
  OPTnote = 	 {},
  OPTannote = 	 {},
  url=           {http://www.bepress.com/ucbbiostat/paper174}
}



@TechReport{JacobetalTechRep271,
  SUBJECTS = {MiscStat, Microarrays},
  author = 	 {L. Jacob and P. Neuvial and S. Dudoit},
  title = 	 {Gains in power from structured two-sample tests of means on graphs},
  institution =  {Division of Biostatistics, University of California, Berkeley},
  year = 	 {2010},
  OPTkey = 	 {},
  OPTtype = 	 {},
  number = 	 {271},
  address = 	 {Berkeley, CA 94720-7358},
  OPTmonth = 	 {},
  OPTnote = 	 {},
  OPTannote = 	 {},
  url=           {http://www.bepress.com/ucbbiostat/paper271}
}


@Article{KelesetalBernoulli04,
  SUBJECTS = {LBECV},
  author = 	 {S. Kele\c{s} and M. J. van der Laan and S. Dudoit},
  title = 	 {Asymptotically optimal model selection method with right censored outcomes},
  journal = 	 {Bernoulli},
  year = 	 {2004},
  OPTkey = 	 {},
  volume = 	 {10},
  number = 	 {6},
  pages = 	 {1011--1037},
  OPTmonth = 	 {},
  OPTnote = 	 {},
  OPTannote = 	 {},
  url=           {http://projecteuclid.org/euclid.bj/1106314848}
}


@Article{KelesetalJCB06,
  SUBJECTS = {MultTest, Microarrays},
  author = 	 {S. Kele\c{s} and M. J. van der Laan and S. Dudoit and S. E. Cawley},
  title = 	 {Multiple testing methods for {ChIP}-{Chip} high density oligonucleotide array data},
  journal = 	 {Journal of Computational Biology},
  year = 	 {2006},
  OPTkey = 	 {},
  volume = 	 {13},
  number = 	 {3},
  pages = 	 {579--613},
  OPTmonth = 	 {},
  OPTnote = 	 {},
  OPTannote = 	 {},
  pmid = {PMID: 16706714},
  url=           {http://www.liebertonline.com/doi/abs/10.1089/cmb.2006.13.579}
}



@Article{KelesetalSAGMB03, 
  SUBJECTS = {Motif},
  author = 	 {S.  Kele\c{s} and M. J. van der Laan and S. Dudoit and
  B. Xing and M. B. Eisen},
  title = 	 {Supervised detection of regulatory motifs in {DNA} sequences},
  journal = 	 SAGMB,
  year = 	 {2003},
  OPTkey = 	 {},
  volume = 	 {2},
  number = 	 {1},
  pages = 	 {Article 5},
  OPTmonth = 	 {},
  OPTnote = 	 {},
  OPTannote = 	 {},
  pmid = {PMID: 16646783},
  url =          {http://www.bepress.com/sagmb/vol2/iss1/art5}
}




@TechReport{KelesetalTechRep124, 
  SUBJECTS = {LBECV},
  author = 	 {S. Kele\c{s} and M. J. van der Laan and S. Dudoit},
  title = 	 {Asymptotically optimal model selection method with right censored outcomes},
  institution =  {Division of Biostatistics, University of California, Berkeley},
  year = 	 {2003},
  OPTkey = 	 {},
  OPTtype = 	 {},
  number = 	 {124},
  address = 	 {Berkeley, CA 94720-7358},
  OPTmonth = 	 {},
  OPTnote = 	 {},
  OPTannote = 	 {},
  url=           {http://www.bepress.com/ucbbiostat/paper124}
}

@TechReport{KelesetalTechRep131,
  SUBJECTS = {Motif},
  author = 	 {S.  Kele\c{s} and M. J. van der Laan and S. Dudoit  and B. Xing and M. B. Eisen},
  title = 	 {Supervised detection of regulatory motifs in {DNA} sequences},
  institution =  {Division of Biostatistics, University of California, Berkeley},
  year = 	 {2003},
  OPTkey = 	 {},
  OPTtype = 	 {},
  number = 	 {131},
  address = 	 {Berkeley, CA 94720-7358},
  OPTmonth = 	 {},
  OPTnote = 	 {},
  OPTannote = 	 {},
  url=           {http://www.bepress.com/ucbbiostat/paper131}
}


@TechReport{KelesetalTechRep147,
  SUBJECTS = {MultTest, Microarrays},
  author = 	 {S. Kele\c{s} and M. J. van der Laan and S. Dudoit and S. E. Cawley},
  title = 	 {Multiple testing methods for {ChIP}-{Chip} high density oligonucleotide array data},
  institution =  {Division of Biostatistics, University of California, Berkeley},
  year = 	 {2004},
  OPTkey = 	 {},
  OPTtype = 	 {},
  number = 	 {147},
  address = 	 {Berkeley, CA 94720-7358},
  OPTmonth = 	 {},
  OPTnote = 	 {},
  OPTannote = 	 {},
  url=          {http://www.bepress.com/ucbbiostat/paper147}
}

@Article{Leeetal08,
  SUBJECTS = {HTS},
  author = 	 {A. Lee and K. D. Hansen and J. Bullard and S. Dudoit and G. Sherlock},
  title = 	 {Novel low abundance and transient {RNA}s in yeast revealed by tiling microarrays and ultra high-throughput sequencing are not conserved across closely related yeast species},
  journal = 	 {PLoS Genetics},
  year = 	 {2008},
  OPTkey = 	 {},
  volume = 	 {4},
  number = 	 {12},
  pages = 	 {e1000299},
  OPTmonth = 	 {},
  OPTnote = 	 {},
  OPTannote = 	 {},
  pmid = {PMID: 19096707},
  pmcid = {PMCID: PMC2601015},
  url=           {http://www.plosgenetics.org/article/info:doi/10.1371/journal.pgen.1000299}
}



@Article{MolinaroetalJMVA04,
  SUBJECTS = {LBECV, Prediction},
  author = 	 {A. M. Molinaro and S. Dudoit and M. J. van der Laan},
  title = 	 {Tree-based multivariate regression and density estimation with right-censored data},
  journal = 	 {Journal of Multivariate Analysis},
  year = 	 {2004},
  editor = 	 {S. Dudoit and R. C. Gentleman and M. J. van der Laan},
  OPTkey = 	 {},
  volume = 	 {90},
  number = 	 {1},
  pages = 	 {154--177},
  OPTmonth = 	 {},
  note = 	 {Special Issue on Multivariate Methods in Genomic Data Analysis},
  OPTannote = 	 {},
  url=           {http://www.sciencedirect.com/science/article/B6WK9-4CB00X5-1/2/1404b7ed65360fd3758b3897c8f13d24}
}

@TechReport{MolinaroetalTechRep135,
  SUBJECTS = {LBECV, Prediction},
  author = 	 {A. M. Molinaro and S. Dudoit and M. J. van der Laan},
  title = 	 {Tree-based multivariate regression and density estimation with
right-censored data},
  institution =  {Division of Biostatistics, University of California, Berkeley},
  year = 	 {2003},
  OPTkey = 	 {},
  OPTtype = 	 {},
  number = 	 {135},
  address = 	 {Berkeley, CA 94720-7358},
  OPTmonth = 	 {},
  OPTnote = 	 {},
  OPTannote = 	 {},
  url=           {http://www.bepress.com/ucbbiostat/paper135}
}


@Article{Osborneetal09,
  SUBJECTS = {MiscBio},
  author = 	 {E. A. Osborne and S. Dudoit and J. Rine},
  title = 	 {The establishment of gene silencing at
single-cell resolution},
  journal = 	 {Nature Genetics},
  year = 	 {2009},
  OPTkey = 	 {},
  volume = 	 {41},
  number = 	 {7},
  pages = 	 {800--806},
  OPTmonth = 	 {},
  OPTnote = 	 {},
  OPTannote = 	 {},
  pmid = {PMID: 19543267},
  pmcid = {PMCID: PMC2739733},
  url=           {http://www.nature.com/ng/journal/v41/n7/abs/ng.402.html}
}


@Article{PollardetalSFdS05,
  SUBJECTS = {MultTest, Microarrays},
  author = 	 {K. S. Pollard and M. D. Birkner and M. J. van der Laan and S. Dudoit},
  title = 	 {Test statistics null distributions in multiple testing: {S}imulation studies and applications to genomics},
  journal = 	 {Journal de la Soci\'et\'e Fran\c{c}aise de Statistique},
  year = 	 {2005},
  OPTkey = 	 {},
  volume = 	 {146},
  number = 	 {1--2},
  pages = 	 {77--116},
  OPTmonth = 	 {},
  note = 	 {Num\'ero sp\'ecial Statistique et biopuces},
  OPTannote = 	 {},
  url=           {http://smf4.emath.fr/Publications/JSFdS/146_1-2/pdf/sfds_jsfds_146_1-2_77-116.pdf}
}


@InCollection{PollardetalSpringer05,
  SUBJECTS = {MultTest, Software, Microarrays},
  author = 	 {K. S. Pollard and S. Dudoit and M. J. van der Laan},
  title = 	 {{M}ultiple testing procedures: The \textsf{multtest} package and applications to genomics},
  booktitle = 	 {Bioinformatics and Computational Biology Solutions Using {R} and {B}ioconductor},
  OPTcrossref =  {},
  OPTkey = 	 {},
  pages = 	 {249--271},
  publisher =    {Springer},
  year = 	 {2005},
  editor = 	 {R. C. Gentleman and V. J. Carey and W. Huber and R. A. Irizarry and S. Dudoit},
  OPTvolume = 	 {},
  OPTnumber = 	 {},
  series = 	 {Statistics for Biology and Health},
  OPTtype = 	 {},
  chapter = 	 {15},
  address = 	 {New York},
  OPTedition = 	 {},
  OPTmonth = 	 {},
  OPTnote = 	 {},
  OPTannote = 	 {},
  url=           {http://www.springerlink.com/content/978-0-387-25146-2}
}

@techreport{PollardetalTechRep164,
  SUBJECTS = {MultTest, Software, Microarrays},
  author = 	 {K. S. Pollard and S. Dudoit and M. J. van der Laan},
  title = 	 {Multiple testing procedures: {R} \textsf{multtest} package and applications to genomics},
  institution =  {Division of Biostatistics, University of California, Berkeley},
  year = 	 {2004},
  OPTkey = 	 {},
  OPTtype = 	 {},
  number = 	 {164},
  address = 	 {Berkeley, CA 94720-7358},
  OPTmonth = 	 {},
  OPTnote = 	 {},
  OPTannote = 	 {},
  url=           {http://www.bepress.com/ucbbiostat/paper164}
}

@TechReport{PollardetalTechRep184,
  SUBJECTS = {MultTest, Microarrays},
  author = 	 {K. S. Pollard and M. D. Birkner and M. J. van der Laan and S. Dudoit},
  title = 	 {Test statistics null distributions in multiple testing: {S}imulation studies and applications to genomics},
  institution =  {Division of Biostatistics, University of California, Berkeley},
  year = 	 {2005},
  OPTkey = 	 {},
  OPTtype = 	 {},
  number = 	 {184},
  address = 	 {Berkeley, CA 94720-7358},
  OPTmonth = 	 {},
  OPTnote = 	 {},
  OPTannote = 	 {},
  url=           {http://www.bepress.com/ucbbiostat/paper184}
}



@Article{RubinetalSAGMB06,
  SUBJECTS = {MultTest},
  author = 	 {D. Rubin and S. Dudoit and M. J. van der Laan},
  title = 	 {A method to increase the power of multiple testing procedures through sample splitting},
  journal = 	 SAGMB,
  year = 	 {2006},
  OPTkey = 	 {},
  volume = 	 {5},
  number = 	 {1},
  pages = 	 {Article 19},
  OPTmonth = 	 {},
  OPTnote = 	 {},
  OPTannote = 	 {Technical Report 171, Division of Biostatistics, University of California, Berkeley},
  pmid = {PMID: 17049030},
  url=           {http://www.bepress.com/sagmb/vol5/iss1/art19}
}

@TechReport{RubinetalTechRep171, 
  SUBJECTS = {MultTest},
  author = 	 {D. Rubin and S. Dudoit and M. J. van der Laan},
  title = 	 {A method to increase the power of multiple testing procedures through sample splitting},
  institution =  {Division of Biostatistics, University of California, Berkeley},
  year = 	 {2006},
  OPTkey = 	 {},
  OPTtype = 	 {},
  number = 	 {171},
  address = 	 {Berkeley, CA 94720-7358},
  OPTmonth = 	 {},
  OPTnote = 	 {},
  OPTannote = 	 {},
  url=           {http://www.bepress.com/ucbbiostat/paper171}
}

@TechReport{ShilaneetalTechRep204,
  SUBJECTS = {MiscStat},
  author = 	 {D. Shilane and J. Martikainen and S. Dudoit and S. Ovaska},
  title = 	 {A general framework for statistical performance comparison of evolutionary computation algorithms},
  institution =  {Division of Biostatistics, University of California, Berkeley},
  year = 	 {2006},
  OPTkey = 	 {},
  OPTtype = 	 {},
  number = 	 {204},
  address = 	 {Berkeley, CA 94720-7358},
  OPTmonth = 	 {},
  OPTnote = 	 {},
  OPTannote = 	 {},
  url=           {http://www.bepress.com/ucbbiostat/paper204}
}




@TechReport{ShilaneetalTechRep227, 
  SUBJECTS = {LBECV},
  author = 	 {D. Shilane and R. H. Liang and S. Dudoit},
  title = 	 {Loss-based estimation with evolutionary algorithms and cross-validation},
  institution =  {Division of Biostatistics, University of California, Berkeley},
  year = 	 {2007},
  OPTkey = 	 {},
  OPTtype = 	 {},
  number = 	 {227},
  address = 	 {Berkeley, CA 94720-7358},
  OPTmonth = 	 {},
  OPTnote = 	 {},
  OPTannote = 	 {},  
  url=           {http://www.bepress.com/ucbbiostat/paper227}
}

@Article{Shilanetal08,
  SUBJECTS = {MiscStat},
  author = 	 {D. Shilane and J. Martikainen and S. Dudoit and S. Ovaska},
  title = 	 {A general framework for statistical performance comparison of evolutionary computation algorithms},
  journal = 	 {Information Sciences},
  year = 	 {2008},
  OPTkey = 	 {},
  volume = 	 {178},
  number = 	 {14},
  pages = 	 {2870--2879},
  OPTmonth = 	 {},
  OPTnote = 	 {},
  OPTannote = 	 {},
  url=           {http://www.sciencedirect.com/science/article/B6V0C-4S2667W-1/2/39ad90e60760238e52b18ab4f6f0e067}
}


@TechReport{Wang&DudoitTechRep150,
  SUBJECTS = {Linkage},
  author = 	 {Y. Wang and S. Dudoit},
  title = 	 {Quantification and visualization of {LD} patterns and identification of haplotype blocks},
  institution =  {Division of Biostatistics, University of California, Berkeley},
  year = 	 {2004},
  OPTkey = 	 {},
  OPTtype = 	 {},
  number = 	 {150},
  address = 	 {Berkeley, CA 94720-7358},
  OPTmonth = 	 {},
  OPTnote = 	 {},
  OPTannote = 	 {},
  url=           {http://www.bepress.com/ucbbiostat/paper150}
}




@Article{WangetalAJHG06,
  SUBJECTS = {Linkage},
  author = 	 {Y. Wang and L. P. Zhao and S. Dudoit},
  title = 	 {A fine-scale linkage-disequilibrium measure based on length of haplotype sharing},
  journal = 	 AJHG,
  year = 	 {2006},
  OPTkey = 	 {},
  volume = 	 {78},
  number = 	 {4},
  pages = 	 {615--628},
  OPTmonth = 	 {},
  OPTnote = 	 {},
  OPTannote = 	 {},
  pmid = {PMID: 16532392},
  pmcid = {PMCID: PMC1424683},
  url=           {http://www.cell.com/AJHG/abstract/S0002-9297(07)63700-8}
}

@TechReport{WangetalTechRep192,
  SUBJECTS = {Linkage},
  author = 	 {Y. Wang and L. P. Zhao and S. Dudoit},
  title = 	 {A fine-scale linkage disequilibrium measure based on length of haplotype sharing},
  institution =  {Division of Biostatistics, University of California, Berkeley},
  year = 	 {2005},
  OPTkey = 	 {},
  OPTtype = 	 {},
  number = 	 {192},
  address = 	 {Berkeley, CA 94720-7358},
  OPTmonth = 	 {},
  OPTnote = 	 {},
  OPTannote = 	 {},
  url=           {http://www.bepress.com/ucbbiostat/paper192}
}


@Article{YangetalJCGS02,
  SUBJECTS = {Microarrays},
  author = 	 {Y. H. Yang and M. J. Buckley and S. Dudoit and T. P. Speed},
  title = 	 {Comparison of methods for image analysis on {cDNA} microarray data},
  journal = 	 {Journal of Computational and Graphical Statistics},
  year = 	 {2002},
  OPTkey = 	 {},
  volume = 	 {11},
  number = 	 {1},
  pages = 	 {108--136},
  OPTmonth = 	 {},
  OPTnote = 	 {},
  OPTannote = 	 {},
  url=           {http://pubs.amstat.org/doi/abs/10.1198/106186002317375640}
}

@Article{YangetalNAR02,
  SUBJECTS = {Microarrays},
  author = 	 {Y. H. Yang and S. Dudoit and P. Luu and D. M. Lin and V. Peng and J. Ngai and T. P. Speed},
  title = 	 {Normalization for {cDNA} microarray data: {A} robust composite method addressing single and multiple slide systematic variation},
  journal = 	 {Nucleic Acids Research},
  year = 	 {2002},
  OPTkey = 	 {},
  volume = 	 {30},
  number = 	 {4},
  pages = 	 {e15},
  OPTmonth = 	 {},
  OPTnote = 	 {},
  OPTannote = 	 {},
  pmid = {PMID: 11842121},
  pmcid = {PMCID: PMC100354},
  url=           {http://nar.oxfordjournals.org/content/30/4/e15.abstract}
}

@InProceedings{YangetalSPIE01,
  SUBJECTS = {Microarrays},
  author = 	 {Y. H. Yang and S. Dudoit and P. Luu and T. P. Speed},
  title = 	 {Normalization for {cDNA} microarray data},
  OPTcrossref =  {},
  OPTkey = 	 {},
  booktitle = 	 {Microarrays: {O}ptical Technologies and Informatics},
  pages = 	 {141--152},
  year = 	 {2001},
  editor = 	 {M. L. Bittner and Y. Chen and A. N. Dorsel and E. R. Dougherty},
  volume = 	 {4266},
  OPTnumber = 	 {},
  series = 	 {Proceedings of SPIE},
  address = 	 {Bellingham, WA},
  OPTmonth = 	 {},
  OPTorganization = {},
  publisher =    {SPIE--The International Society for Optical Engineering},
  OPTnote = 	 {},
  OPTannote = 	 {},
  url={http://dx.doi.org/10.1117/12.427982}
}


@Article{modENCODE10,
  SUBJECTS = {HTS},
  author = 	 {The modENCODE Consortium},
  title = 	 {Identification of functional elements and regulatory circuits by {{\it
  Drosophila}} {modENCODE}},
  journal = 	 {Science},
  year = 	 {2010},
  OPTkey = 	 {},
  volume = 	 {330},
  number = 	 {6012},
  pages = 	 {1787--1797},
  OPTmonth = 	 {},
  OPTnote = 	 {},
  OPTannote = 	 {},
  pmid = {PMID: 21177974},
  pmcid = {PMCID: PMC3192495},
  url=           {http://www.sciencemag.org/content/330/6012/1787.abstract}
}


@TechReport{vdLaan&DudoitTechRep130,
  SUBJECTS = {LBECV},
  author = 	 {M. J. van der Laan and S. Dudoit},
  title = 	 {Unified cross-validation methodology for selection among estimators and a general cross-validated adaptive epsilon-net estimator: {F}inite sample oracle inequalities and examples},
  institution =  {Division of Biostatistics, University of California, Berkeley},
  year = 	 {2003},
  OPTkey = 	 {},
  OPTtype = 	 {},
  number = 	 {130},
  address = 	 {Berkeley, CA 94720-7358},
  OPTmonth = 	 {},
  OPTnote = 	 {},
  OPTannote = 	 {},
  url=           {http://www.bepress.com/ucbbiostat/paper130}
}


@Article{vdLaanetalMT2SAGMB04,
  SUBJECTS = {MultTest},
  author = 	 {M. J. van der Laan and S. Dudoit and K. S. Pollard},
  title = 	 {Multiple testing. {P}art {II}. {S}tep-down procedures for control of the family-wise error rate},
  journal = 	 SAGMB,
  year = 	 {2004},
  OPTkey = 	 {},
  volume = 	 {3},
  number = 	 {1},
  pages = 	 {Article 14},
  OPTmonth = 	 {},
  OPTnote = 	 {},
  OPTannote = 	 {Technical Report 139, Division of Biostatistics, University of California, Berkeley},
  pmid = {PMID: 16646792},
  url=           {http://www.bepress.com/sagmb/vol3/iss1/art14}
}

@Article{vdLaanetalMT3SAGMB04,
  SUBJECTS = {MultTest},
  author = 	 {M. J. van der Laan and S. Dudoit and K. S. Pollard},
  title = 	 {Augmentation procedures for control of the generalized family-wise error rate and tail probabilities for the proportion of false positives},
  journal = 	 SAGMB,
  year = 	 {2004},
  OPTkey = 	 {},
  volume = 	 {3},
  number = 	 {1},
  pages = 	 {Article 15},
  OPTmonth = 	 {},
  OPTnote = 	 {},
  OPTannote = 	 {},
  pmid = {PMID: 16646793},
  url=           {http://www.bepress.com/sagmb/vol3/iss1/art15}
}


@Article{vdLaanetalSAGMB04,
  SUBJECTS = {LBECV},
  author = 	 {M. J. van der Laan and S. Dudoit and S. Kele\c{s}},
  title = 	 {Asymptotic optimality of likelihood-based cross-validation},
  journal = 	 SAGMB,
  year = 	 {2004},
  OPTkey = 	 {},
  volume = 	 {3},
  number = 	 {1},
  pages = 	 {Article 4},
  OPTmonth = 	 {},
  OPTnote = 	 {},
  OPTannote = 	 {},
  pmid = {PMID: 16646820},
  url=           {http://www.bepress.com/sagmb/vol3/iss1/art4}
}




@Article{vdLaanetalStatDec06,
  SUBJECTS = {LBECV},
  author = 	 {M. J. van der Laan and S. Dudoit and A. W. van der Vaart},
  title = 	 {The cross-validated adaptive epsilon-net estimator},
  journal = 	 {Statistics \& Decisions},
  year = 	 {2006},
  OPTkey = 	 {},
  volume = 	 {24},
  number = 	 {3},
  pages = 	 {373--395},
  OPTmonth = 	 {},
  OPTnote = 	 {},
  OPTannote = 	 {},
  url=           {http://dx.doi.org/10.1524/stnd.2006.24.3.373}
}

@TechReport{vdLaanetalTechRep125,
  SUBJECTS = {LBECV},
  author = 	 {M. J. van der Laan and S. Dudoit and S. Kele\c{s}},
  title = 	 {Asymptotic optimality of likelihood based cross-validation},
  institution =  {Division of Biostatistics, University of California, Berkeley},
  year = 	 {2003},
  OPTkey = 	 {},
  OPTtype = 	 {},
  number = 	 {125},
  address = 	 {Berkeley, CA 94720-7358},
  OPTmonth = 	 {},
  OPTnote = 	 {},
  OPTannote = 	 {},
  url=           {http://www.bepress.com/ucbbiostat/paper125}
}


@TechReport{vdLaanetalTechRep139,
  SUBJECTS = {MultTest},
  author = 	 {M. J. van der Laan and S. Dudoit and K. S. Pollard},
  title = 	 {Multiple testing. {P}art {II}. {S}tep-down procedures for control of the family-wise error rate},
  institution =  {Division of Biostatistics, University of California, Berkeley},
  year = 	 {2003},
  OPTkey = 	 {},
  OPTtype = 	 {},
  number = 	 {139},
  address = 	 {Berkeley, CA 94720-7358},
  OPTmonth = 	 {},
  OPTnote = 	 {},
  OPTannote = 	 {},
  url=           {http://www.bepress.com/ucbbiostat/paper139}
}

@TechReport{vdLaanetalTechRep141,
  SUBJECTS = {MultTest},
  author = 	 {M. J. van der Laan and S. Dudoit and K. S. Pollard},
  title = 	 {Multiple testing. {P}art {III}. {P}rocedures for control of the generalized family-wise error rate and proportion of false positives},
  institution =  {Division of Biostatistics, University of California, Berkeley},
  year = 	 {2004},
  OPTkey = 	 {},
  OPTtype = 	 {},
  number = 	 {141},
  address = 	 {Berkeley, CA 94720-7358},
  OPTmonth = 	 {},
  OPTnote = 	 {},
  OPTannote = 	 {},
  url=           {http://www.bepress.com/ucbbiostat/paper141}

}

@TechReport{vdLaanetalTechRep142,
  SUBJECTS = {LBECV},
  author = 	 {M. J. van der Laan and S. Dudoit and A. W. van der Vaart},
  title = 	 {The cross-validated adaptive epsilon-net estimator},
  institution =  {Division of Biostatistics, University of California, Berkeley},
  year = 	 {2004},
  OPTkey = 	 {},
  OPTtype = 	 {},
  number = 	 {142},
  address = 	 {Berkeley, CA 94720-7358},
  OPTmonth = 	 {},
  OPTnote = 	 {},
  OPTannote = 	 {},
  url=           {http://www.bepress.com/ucbbiostat/paper142}
}

@Article{vdVaartetalStatDec06,
  SUBJECTS = {LBECV},
  author = 	 {A. W. van der Vaart and S. Dudoit and M. J. van der Laan},
  title = 	 {Oracle inequalities for multi-fold cross validation},
  journal = 	 {Statistics \& Decisions},
  year = 	 {2006},
  OPTkey = 	 {},
  volume = 	 {24},
  number = 	 {3},
  pages = 	 {351--371},
  OPTmonth = 	 {},
  OPTnote = 	 {},
  OPTannote = 	 {},
  url=           {http://dx.doi.org/10.1524/stnd.2006.24.3.351}
}

@Article{Ferreiraetal14,
  SUBJECTS = {HTS, MiscBio},
  author = 	 {T. Ferreira and S. R. Wilson and Y. G. Choi and D. Risso and S. Dudoit and T. P. Speed and J. Ngai},
  title = 	 {Silencing of odorant receptor genes by {G} protein {$\beta\gamma$} 
signaling ensures the expression of one odorant receptor per olfactory sensory neuron},
  journal = 	 {Neuron},
  year = 	 {2014},
  OPTkey = 	 {},
  volume = 	 {81},
  number = 	 {4},
  pages = 	 {847--859},
  OPTmonth = 	 {},
  OPTnote = 	 {},
  OPTannote = 	 {},
  issn = {0896-6273},
  doi = {http://dx.doi.org/10.1016/j.neuron.2014.01.001},
  pmid = {PMID: 24559675},
  url = {http://www.sciencedirect.com/science/article/pii/S0896627314000051}
}


@InCollection{GentlemanDingetalSpringer05,
  SUBJECTS = {Software, Microarrays},
  author = 	 {R. Gentleman and B. Ding and S. Dudoit and J. Ibrahim},
  title = 	 {Distance measures in {DNA} microarray data analysis},
  booktitle = 	 {Bioinformatics and Computational Biology Solutions Using {R} and {B}ioconductor},
  OPTcrossref =  {},
  OPTkey = 	 {},
  pages = 	 {189--208},
  publisher =    {Springer},
  year = 	 {2005},
  editor = 	 {R. C. Gentleman and V. J. Carey and W. Huber and R. A. Irizarry and S. Dudoit},
  OPTvolume = 	 {},
  OPTnumber = 	 {},
  series = 	 {Statistics for Biology and Health},
  OPTtype = 	 {},
  chapter = 	 {12},
  address = 	 {New York},
  OPTedition = 	 {},
  OPTmonth = 	 {},
  OPTnote = 	 {},
  OPTannote = 	 {},
  url=           {http://www.springerlink.com/content/978-0-387-25146-2}
}


@Article{Dudoitetal04,
  author = 	 {S. Dudoit and R. C. Gentleman and M. J. van der Laan},
  title = 	 {Multivariate Methods in
Genomic Data Analysis},
  journal = 	 {Journal of Multivariate Analysis},
  year = 	 {2004},
  OPTkey = 	 {},
  volume = 	 {90},
  number = 	 {1},
  OPTpages = 	 {},
  OPTmonth = 	 {},
  note = 	 {(Special Issue)},
  OPTannote = 	 {}
}



@Article{Labbe&Dudoit12,
  author = 	 {A. Labbe and S. Dudoit},
  title = 	 {Special issue on computational statistical methods for genomics and systems biology},
  journal = 	 SAGMB,
  year = 	 {2012},
  OPTkey = 	 {},
  volume = 	 {11},
  number = 	 {2},
  OPTpages = 	 {},
  OPTmonth = 	 {},
  note = 	 {(Special Issue)},
  OPTannote = 	 {},
  pmid = {PMID: 22499689}
}

@Book{Dudoit12,
  SUBJECTS = {MiscStat, MiscBio},
  ALTauthor = 	 {},
  editor = 	 {S. Dudoit},
  title = 	 {Selected Works of Terry Speed},
  publisher = 	 {Springer},
  year = 	 {2012},
  OPTkey = 	 {},
  OPTvolume = 	 {},
  OPTnumber = 	 {},
  series = 	 {Springer Selected Works in Probability and Statistics Series},
  address = 	 {New York},
  OPTedition = 	 {},
  OPTmonth = 	 {},
  OPTnote = 	 {},
  OPTannote = 	 {},
  url={http://dx.doi.org/10.1007/978-1-4614-1347-9}
}



@techreport{RissoetalTechRep291,
  SUBJECTS = {HTS},
  author = 	 {D. Risso and K. Schwartz and G. Sherlock and S. Dudoit},
  title = 	 {{GC}-Content Normalization for {RNA-Seq} Data},
  institution =  {Division of Biostatistics, University of California, Berkeley},
  year = 	 {2011},
  OPTkey = 	 {},
  OPTtype = 	 {},
  number = 	 {291},
  address = 	 {Berkeley, CA 94720-7358},
  OPTmonth = 	 {},
  OPTnote = 	 {},
  OPTannote = 	 {},
  url=           {http://www.bepress.com/ucbbiostat/paper291}
}

@Article{Jacobetal12,
  SUBJECTS = {MiscStat, Microarrays},
  author = 	 {L. Jacob and P. Neuvial and S. Dudoit},
  title = 	 {More power via graph-structured tests for differential expression of gene networks},
  journal = 	 {Annals of Applied Statistics},
  year = 	 {2012},
  OPTkey = 	 {},
  volume = 	 {6},
  number = 	 {2},
  pages = 	 {561--600},
  OPTmonth = 	 {},
  OPTnote = 	 {},
  OPTannote = 	 {},
url={http://projecteuclid.org/euclid.aoas/1339419608}
}


@Article{Rissoetal11,
  SUBJECTS = {HTS},
  author = 	 {D. Risso and K. Schwartz and G. Sherlock and S. Dudoit},
  title = 	 {{GC}-Content Normalization for {RNA-Seq} Data},
  journal = 	 {BMC Bioinformatics},
  year = 	 {2011},
  OPTkey = 	 {},
  volume = 	 {12},
  OPTnumber = 	 {},
  pages = 	 {Article 480},
  OPTmonth = 	 {},
  note = 	 {(Highly accessed)},
  OPTannote = 	 {},
  pmid={PMID: 22177264},
  pmcid = {PMCID: PMC3315510},
  url= {http://www.biomedcentral.com/1471-2105/12/480/abstract}
}

@Article{CleynenetalJABES14,
  SUBJECTS = {HTS},
  author = 	 {A. Cleynen and S. Dudoit and S. Robin},
  title = 	 {Comparing Segmentation Methods for Genome Annotation Based on {RNA-Seq} Data},
  journal = 	 {Journal of Agricultural, Biological, and Environmental Statistics},
  year = 	 {2014},
  OPTkey = 	 {},
  volume = 	 {19},
  number = 	 {1},
  pages = 	 {101--118},
  OPTmonth = 	 {},
  OPTnote = 	 {(Accepted)},
  OPTannote = 	 {}
}


@Article{Brooksetal13,
  SUBJECTS = {HTS},
  author = 	 {A. N. Brooks and K. D. Hansen and A. Hundal and S. Dudoit and M. Meyerson and S. E. Brenner},
  title = 	 {{JuncBASE}: a junction-based analysis of splicing events for {RNA-Seq} data},
  journal = 	 {Bioinformatics},
  year = 	 {2013},
  OPTkey = 	 {},
  OPTvolume = 	 {},
  OPTnumber = 	 {},
  OPTpages = 	 {},
  OPTmonth = 	 {},
  note = 	 {(Under review)},
  OPTannote = 	 {}
}

@InProceedings{CleynenetalWCSB13,
  SUBJECTS = {HTS},
  author = 	 {A. Cleynen and S. Dudoit and E. Lebarbier and S. Robin},
  title = 	 {Two segmentation methods for genome annotation},
  OPTcrossref =  {},
  OPTkey = 	 {},
  booktitle = {Proceedings of the 10th International Workshop on Computational Systems Biology},
  pages = 	 {56--60},
  year = 	 {2013},
  OPTeditor = 	 {},
  OPTvolume = 	 {},
  OPTnumber = 	 {},
  OPTseries = 	 {},
  OPTaddress = 	 {},
  OPTmonth = 	 {},
  OPTorganization = {},
  OPTpublisher = {},
  OPTnote = 	 {(Accepted)},
  OPTannote = 	 {}
}

@InCollection{RissoetalSpringer14,
  SUBJECTS = {HTS},
  author = 	 {D. Risso and J. Ngai and T. P. Speed and S. Dudoit},
  title = 	 {The Role of Spike-In Standards in the Normalization of {RNA-seq}},
  booktitle = 	 {Statistical Analysis of Next Generation Sequencing
Data},
  OPTcrossref =  {},
  OPTkey = 	 {},
  pages = 	 {169--190},
  publisher =    {Springer International Publishing},
  year = 	 {2014},
  editor = 	 {S. Datta and D. Nettleton},
  OPTvolume = 	 {},
  OPTnumber = 	 {},
  series = 	 {Frontiers in Probability and the Statistical Sciences},
  OPTtype = 	 {},
  chapter = 	 {9},
  OPTaddress = 	 {},
  OPTedition = 	 {},
  OPTmonth = 	 {},
  OPTnote = 	 {(Under review)},
  OPTannote = 	 {},
  OPTurl=         {}
}



@Article{Steijgeretal13,
  author = 	 {T. Steijger and J. F. Abril and P. G. Engstr\"om and F. Kokocinski and {The RGASP Consortium} and T. J. Hubbard and R. Guig\'o and J. Harrow and P. Bertone},
  title = 	 {Assessment of transcript reconstruction methods for {RNA-seq}},
  journal = 	 {Nature Methods},
  year = 	 {2013},
  OPTkey = 	 {},
  volume = 	 {10},
  number = 	 {12},
  pages = 	 {1177--1184},
  OPTmonth = 	 {},
  OPTnote = 	 {(Accepted)},
  OPTannote = 	 {},
pmcid = {PMCID: PMC3851240},
  pmid = {PMID: 24185837}
}




@Article{Barrietal07,
  author = 	 {A. Barrier and P.-Y. Bo\"{e}lle and A. Lemoine and A. Flahault and S. Dudoit and M. Huguier},
  title = 	 {Gene expression profiling in colon cancer},
  journal = 	 {Bull. Acad. Natl. Med.},
  year = 	 {2007},
  OPTkey = 	 {},
  volume = 	 {191},
  number = 	 {6},
  pages = 	 {1091--1101, discussion 1102--1103},
  OPTmonth = 	 {},
  OPTnote = 	 {},
  OPTannote = 	 {},
  pmid = {PMID: 18402166},
  url = {}
}

@Article{RissoetalNBT14,
  SUBJECTS= {HTS},
  author = 	 {D. Risso and J. Ngai and T. P. Speed and S. Dudoit},
  title = 	 {Normalization of {RNA-seq} data using factor analysis of control genes or samples},
  journal = 	 {Nature Biotechnology},
  year = 	 {2014},
  OPTkey = 	 {},
  volume = 	 {32},
  number = 	 {9},
  pages = 	 {896--902},
  OPTmonth = 	 {},
  OPTnote = 	 {(Advanced online publication)},
  OPTannote = 	 {},
  pmid = {PMID: 25150836},
url={http://www.nature.com/nbt/journal/vaop/ncurrent/full/nbt.2931.html}
}



@InProceedings{Bengtssonetal01,
  author = 	 {O. Bengtsson and T. P. Speed and S. Dudoit},
  title = 	 {A complete set of constraints and parameterisation of two-locus affected sib-pair {IBD} probabilities},
  OPTcrossref =  {},
  OPTkey = 	 {},
  booktitle = AJHG,
  pages = 	 {524--524},
  year = 	 {2001},
  OPTeditor = 	 {},
  volume = 	 {69},
  number = 	 {4, Suppl. 1},
  OPTseries = 	 {},
  OPTaddress = 	 {},
  OPTmonth = 	 {},
  OPTorganization = {},
  OPTpublisher = {},
  OPTnote = 	 {},
  OPTannote = 	 {}
}

@Article{Vallejosetal16,
  author = 	 {C. A. Vallejos and D. Risso and A. Scialdone and S. Dudoit and J. C. Marioni},
  title = 	 {Normalizing single-cell {RNA} sequencing data: challenges and opportunities},
  journal = 	 {Nature Methods},
  year = 	 {2016},
  OPTkey = 	 {},
  OPTvolume = 	 {},
  OPTnumber = 	 {},
  OPTpages = 	 {},
  OPTmonth = 	 {},
  note = 	 {(Submitted)},
  OPTannote = 	 {}
}

